<record><leader>00000cas a2200000 a 4500</leader><controlfield tag="001">50699396</controlfield><controlfield tag="008">020930c20019999fludr ne      0   a0eng  </controlfield><datafield ind1=" " ind2=" " tag="010"><subfield code="a">  2002058143</subfield></datafield><datafield ind1=" " ind2=" " tag="040"><subfield code="a">DLC</subfield><subfield code="b">eng</subfield><subfield code="c">DLC</subfield><subfield code="d">OCLCQ</subfield><subfield code="d">DLC</subfield><subfield code="d">OCLCF</subfield></datafield><datafield ind1=" " ind2=" " tag="012"><subfield code="m">1</subfield></datafield><datafield ind1="0" ind2=" " tag="022"><subfield code="a">2158-7353</subfield><subfield code="2">1</subfield></datafield><datafield ind1="1" ind2=" " tag="029"><subfield code="a">AU@</subfield><subfield code="b">000024129337</subfield></datafield><datafield ind1="1" ind2=" " tag="029"><subfield code="a">NZ1</subfield><subfield code="b">16076475</subfield></datafield><datafield ind1=" " ind2=" " tag="032"><subfield code="a">149820</subfield><subfield code="b">USPS</subfield></datafield><datafield ind1=" " ind2=" " tag="042"><subfield code="a">nsdp</subfield><subfield code="a">pcc</subfield></datafield><datafield ind1=" " ind2=" " tag="043"><subfield code="a">n-us-fl</subfield></datafield><datafield ind1="1" ind2="0" tag="050"><subfield code="a">ISSN RECORD</subfield></datafield><datafield ind1="1" ind2="0" tag="082"><subfield code="a">051</subfield><subfield code="2">14</subfield></datafield><datafield ind1="0" ind2=" " tag="130"><subfield code="a">Daytona Beach news-journal (2001)</subfield></datafield><datafield ind1=" " ind2="4" tag="222"><subfield code="a">The Daytona Beach news-journal</subfield><subfield code="b">(2001)</subfield></datafield><datafield ind1="1" ind2="4" tag="245"><subfield code="a">The Daytona Beach news-journal.</subfield></datafield><datafield ind1=" " ind2=" " tag="260"><subfield code="a">Daytona Beach, Fla. :</subfield><subfield code="b">G.M. Kaney,</subfield><subfield code="c">2001-</subfield></datafield><datafield ind1=" " ind2=" " tag="310"><subfield code="a">Daily</subfield></datafield><datafield ind1="1" ind2=" " tag="362"><subfield code="a">Began with v. 76, no. 273 (Sept. 30, 2001).</subfield></datafield><datafield ind1=" " ind2=" " tag="588"><subfield code="a">Latest issue consulted Nov. 2010.</subfield></datafield><datafield ind1=" " ind2="0" tag="651"><subfield code="a">Daytona Beach (Fla.)</subfield><subfield code="v">Newspapers.</subfield></datafield><datafield ind1=" " ind2="7" tag="655"><subfield code="a">Newspapers.</subfield><subfield code="2">fast</subfield><subfield code="0">(OCoLC)fst01423814</subfield></datafield><datafield ind1=" " ind2="7" tag="651"><subfield code="a">Florida</subfield><subfield code="z">Daytona Beach.</subfield><subfield code="2">fast</subfield><subfield code="0">(OCoLC)fst01202733</subfield></datafield><datafield ind1=" " ind2=" " tag="752"><subfield code="a">United States</subfield><subfield code="b">Florida</subfield><subfield code="c">Volusia</subfield><subfield code="d">Daytona Beach.</subfield></datafield><datafield ind1="0" ind2=" " tag="775"><subfield code="t">Flagler/Palm Coast news tribune</subfield><subfield code="w">(DLC)sn 95047252</subfield><subfield code="w">(OCoLC)33425665</subfield></datafield><datafield ind1="0" ind2="0" tag="780"><subfield code="t">News-journal (Daytona Beach, Fla.)</subfield><subfield code="x">1525-2493</subfield><subfield code="w">(DLC)sn 94057790</subfield><subfield code="w">(OCoLC)30711606</subfield></datafield></record>